<?xml version="1.0" encoding="UTF-8"?><collection xmlns="http://www.loc.gov/MARC21/slim"><record><leader>00359nam--2200133-i-4500</leader><controlfield tag="001">000048423</controlfield><controlfield tag="002">20161230</controlfield><controlfield tag="005">20161230201047</controlfield><controlfield tag="008">060222s1000------------r-----000-0-eng-d</controlfield><datafield ind1=" " ind2=" " tag="080"><subfield code="a">614.876(061.3)</subfield></datafield><datafield ind1=" " ind2=" " tag="245"><subfield code="a">Radiation protection optimization</subfield></datafield><datafield ind1=" " ind2=" " tag="260"><subfield code="a">Oxford, Pergamon Press, 1981, Xi+322p</subfield></datafield><datafield ind1=" " ind2=" " tag="700"><subfield code="a">Oudiz,A.,Uzzan,G.,Ebert,H.,Eriskat,H</subfield></datafield><datafield ind1=" " ind2=" " tag="852"><subfield code="a">71224</subfield></datafield></record></collection>